<?xml version="1.0" encoding="utf-8"?>
<record xmlns="http://www.loc.gov/MARC21/slim" xmlns:xsi="http://www.w3.org/2001/XMLSchema-instance" xsi:schemaLocation="http://www.loc.gov/MARC21/slim http://www.loc.gov/standards/marcxml/schema/MARC21slim.xsd">
	<leader>     nam a22        4500</leader>
	<controlfield tag="001">b18271509</controlfield>
	<controlfield tag="003">LeBAU</controlfield>
	<controlfield tag="006">m        d        </controlfield>
	<controlfield tag="007">cr cn |||m|||a</controlfield>
	<controlfield tag="008">161214s1934    ua      ob    001 0 ara d</controlfield>
	<datafield ind1=" " ind2=" " tag="040">
		<subfield code="a">NNU</subfield>
		<subfield code="b">ara</subfield>
		<subfield code="e">rda</subfield>
		<subfield code="c">NNU</subfield>
	</datafield>
	<datafield ind1="1" ind2=" " tag="041">
		<subfield code="a">ara</subfield>
		<subfield code="a">eng</subfield>
		<subfield code="h">ara</subfield>
	</datafield>
	<datafield ind1=" " ind2="4" tag="050">
		<subfield code="a">BP188.9</subfield>
		<subfield code="b">.N533 1934</subfield>
	</datafield>
	<datafield ind1="0" ind2="4" tag="082">
		<subfield code="a">297.4</subfield>
		<subfield code="2">23</subfield>
	</datafield>
	<datafield ind1="1" ind2=" " tag="100">
		<subfield code="6">880-01</subfield>
		<subfield code="a">Niffarī, Muḥammad ibn ʻAbd al-Jabbār,</subfield>
		<subfield code="d">-965,</subfield>
		<subfield code="e">author.</subfield>
	</datafield>
	<datafield ind1="1" ind2="0" tag="245">
		<subfield code="6">880-02</subfield>
		<subfield code="a">Kitāb al-Mawāqif /</subfield>
		<subfield code="c">li-Muḥammad ibn ‘Abd al-Jabbār ibn al-Ḥasan al-Naffarī ; wa-yalīhi Kitāb al-Mukhāṭabāt / la-hu ayḍan ; ṭubi‘at lil-marrah al-ūlá ba‘da muqābalat sab‘ nusakh bi-‘ināyat wa-taṣḥīḥ wa-ihtimām Ārthur Yūḥannā Arbirī, muḥāḍir bi-al-Jāmi‘ah al-Miṣrīyah, zamīl Kullīyat Bimbrūk fī Jāmi‘at Kambridj sābiqan = The Mawaqif and Mukhatabat of Muhammad Ibn ‘Abdi ‘l-Jabbar al-Niffari / edited for the first time, with translation, commentary, and indices by Arthur John Arberry, M. A., assistant keeper of Oriental Books and Manuscripts in the India Office, formerly fellow of Pembroke College, Cambridge.</subfield>
	</datafield>
	<datafield ind1="3" ind2="1" tag="246">
		<subfield code="6">880-03</subfield>
		<subfield code="a">Mawāqif</subfield>
	</datafield>
	<datafield ind1="3" ind2="0" tag="246">
		<subfield code="a">Mawaqif and Mukhatabat of Muhammad Ibn ‘Abdi ‘l-Jabbar al-Niffari</subfield>
	</datafield>
	<datafield ind1=" " ind2="1" tag="264">
		<subfield code="6">880-04</subfield>
		<subfield code="a">al-Qāhirah :</subfield>
		<subfield code="b">Maṭba‘at Dār al-Kutub al-Miṣrīyah,</subfield>
		<subfield code="c">1934.</subfield>
	</datafield>
	<datafield ind1=" " ind2=" " tag="300">
		<subfield code="6">880-05</subfield>
		<subfield code="a">online resource (d-w, 218, 276, xvii pages)</subfield>
	</datafield>
	<datafield ind1=" " ind2=" " tag="336">
		<subfield code="a">text</subfield>
		<subfield code="2">rdacontent</subfield>
	</datafield>
	<datafield ind1=" " ind2=" " tag="337">
		<subfield code="a">computer</subfield>
		<subfield code="2">rdamedia</subfield>
	</datafield>
	<datafield ind1=" " ind2=" " tag="338">
		<subfield code="a">online resource</subfield>
		<subfield code="2">rdacarrier</subfield>
	</datafield>
	<datafield ind1="1" ind2=" " tag="490">
		<subfield code="a">&quot;E. J.W. Gibb Memorial&quot; Series ;</subfield>
		<subfield code="v">9</subfield>
	</datafield>
	<datafield ind1=" " ind2=" " tag="500">
		<subfield code="a">Part of the Arabic Collections Online (ACO) project, contributed by American University of Beirut's Jafet Memorial Library.</subfield>
	</datafield>
	<datafield ind1=" " ind2=" " tag="533">
		<subfield code="a">Electronic reproduction.</subfield>
		<subfield code="b">New York, N.Y. :</subfield>
		<subfield code="c">New York University,</subfield>
		<subfield code="d">2016.</subfield>
		<subfield code="5">NNU</subfield>
	</datafield>
	<datafield ind1=" " ind2="0" tag="650">
		<subfield code="6">880-06</subfield>
		<subfield code="a">Sufism</subfield>
		<subfield code="x">Early works to 1800.</subfield>
	</datafield>
	<datafield ind1="1" ind2=" " tag="700">
		<subfield code="6">880-07</subfield>
		<subfield code="a">Arberry, A. J.</subfield>
		<subfield code="q">(Arthur John),</subfield>
		<subfield code="d">1905-1969,</subfield>
		<subfield code="e">Compiler.</subfield>
	</datafield>
	<datafield ind1="1" ind2="2" tag="700">
		<subfield code="6">880-08</subfield>
		<subfield code="a">Niffarī, Muḥammad ibn ʻAbd al-Jabbār,</subfield>
		<subfield code="d">-965.</subfield>
		<subfield code="t">Mukhāṭabāt.</subfield>
	</datafield>
	<datafield ind1="2" ind2=" " tag="710">
		<subfield code="a">Jafet Memorial Library.</subfield>
	</datafield>
	<datafield ind1="0" ind2=" " tag="730">
		<subfield code="a">Arabic Collections Online.</subfield>
	</datafield>
	<datafield ind1="0" ind2="8" tag="776">
		<subfield code="i">Print version:</subfield>
		<subfield code="a">Niffarī, Muḥammad ibn ʻAbd al-Jabbār, -965, author.</subfield>
		<subfield code="t">Kitāb al-Mawāqif</subfield>
		<subfield code="w">(LeBAU)b18271509</subfield>
	</datafield>
	<datafield ind1=" " ind2="0" tag="830">
		<subfield code="a">&quot;E. J.W. Gibb Memorial&quot; Series ;</subfield>
		<subfield code="v">9.</subfield>
	</datafield>
	<datafield ind1="4" ind2="0" tag="856">
		<subfield code="u">http://hdl.handle.net/2333.1/gb5mkqms</subfield>
	</datafield>
	<datafield ind1="1" ind2=" " tag="880">
		<subfield code="6">100-01/r</subfield>
		<subfield code="a">النفري، محمد بن عبد الجبار،</subfield>
		<subfield code="d">-965,</subfield>
		<subfield code="e">author.</subfield>
	</datafield>
	<datafield ind1="1" ind2="0" tag="880">
		<subfield code="6">245-02/r</subfield>
		<subfield code="a">كتاب المواقف /</subfield>
		<subfield code="c">لمحمد بن عبد الجبار بن الحسن النفري ؛ ويليه كتاب المخاطبات / له أيضاً ؛ طبعت للمرة الأولى بعد مقابلة سبع نسخ بعناية وتصحيح وإهتمام آرثر يوحنا أربري، محاضر بالجامعة المصرية، زميل كلية بمبروك في جامعة كمبردج سابقاً = The Mawaqif and Mukhatabat of Muhammad Ibn ‘Abdi ‘l-Jabbar al-Niffari / edited for the first time, with translation, commentary, and indices by Arthur John Arberry, M. A., assistant keeper of Oriental Books and Manuscripts in the India Office, formerly fellow of Pembroke College, Cambridge.</subfield>
	</datafield>
	<datafield ind1="3" ind2="0" tag="880">
		<subfield code="6">246-03/r</subfield>
		<subfield code="a">مواقف</subfield>
	</datafield>
	<datafield ind1=" " ind2="1" tag="880">
		<subfield code="6">264-04/r</subfield>
		<subfield code="a">القاهرة :</subfield>
		<subfield code="b">مطبعة دار الكتب المصرية،</subfield>
		<subfield code="c">1934.</subfield>
	</datafield>
	<datafield ind1=" " ind2=" " tag="880">
		<subfield code="6">300-05/r</subfield>
		<subfield code="a">د-و، 218، 276، xvii صفحة ؛</subfield>
		<subfield code="c">24 سم.</subfield>
	</datafield>
	<datafield ind1=" " ind2=" " tag="880">
		<subfield code="6">500-00/r</subfield>
		<subfield code="a">&quot;Printed by the Cambridge University Press for the trustees of the &quot;E. J. W. Gibb Memorial&quot; and published by Messers Luzac &amp; Co. 46 Great Russel Street, London, W. C., 1935&quot; --صفحة عنوان إضافية.</subfield>
	</datafield>
	<datafield ind1=" " ind2=" " tag="880">
		<subfield code="6">504-00/r</subfield>
		<subfield code="a">يتضمن مراجع ببليوغرافية وكشافات.</subfield>
	</datafield>
	<datafield ind1=" " ind2=" " tag="880">
		<subfield code="6">546-00/r</subfield>
		<subfield code="a">النص بالعربية والإنجليزية.</subfield>
	</datafield>
	<datafield ind1=" " ind2="4" tag="880">
		<subfield code="6">650-06/r</subfield>
		<subfield code="a">التصوف</subfield>
		<subfield code="v">اعمال قديمة حتى 1800.</subfield>
	</datafield>
	<datafield ind1="1" ind2=" " tag="880">
		<subfield code="6">700-07/r</subfield>
		<subfield code="a">أربري، أ. ج.</subfield>
		<subfield code="q">(أرثر جون،)</subfield>
		<subfield code="d">1905-1969،</subfield>
		<subfield code="e">معد.</subfield>
		<subfield code="4">com.</subfield>
	</datafield>
	<datafield ind1="1" ind2="2" tag="880">
		<subfield code="6">700-08/r</subfield>
		<subfield code="a">النفري، محمد بن عبد الجبار،</subfield>
		<subfield code="d">-965.</subfield>
		<subfield code="t">المخاطبات.</subfield>
	</datafield>
	<datafield ind1=" " ind2=" " tag="959">
		<subfield code="a">NNU</subfield>
		<subfield code="b">WEB</subfield>
		<subfield code="c">GENI</subfield>
		<subfield code="t">0</subfield>
		<subfield code="m">Electronic access</subfield>
		<subfield code="s">01</subfield>
	</datafield>
	<datafield ind1=" " ind2=" " tag="999">
		<subfield code="i">LeBAU_b18271509</subfield>
		<subfield code="s">aub_aco000163</subfield>
		<subfield code="e">(ERROR-880)(ERROR-MISC)</subfield>
		<subfield code="s">aub_aco000163</subfield>
	</datafield>
</record>
